%! Author = nlehmann
%! Date = 12.09.23

